% Bibliography

@book{TIL,
author = "R.G. Loeliger",
title = "Threaded interpretive languages: their design and implementation",
publisher = "Byte Books",
year = 1981,
}

